%% This BibTeX bibliography file was created using BibDesk.
%% https://bibdesk.sourceforge.io/

%% Created for Bas Brunink at 2021-12-08 14:41:12 +0100


%% Saved with string encoding Unicode (UTF-8)
%% Way fo storing Websites
@misc{uselibs,
	author = {Aris Papadopoulo},
	title = {{Should Developers Use Third-Party Libraries?}},
	howpublished = "\url{https://www.scalablepath.com/back-end/third-party-libraries}",
	year = {2021},
	note = "[Online; accessed 08-12-2021]"
}
@book{Bishop:2001,
	author = {P G Bishop, R E Bloomfield and P K D Froome},
	title = {Justifying the use of software of uncertain pedigree (SOUP) in safety-related applications},
	year = {2001},
}

@book{bentley:1999,
	address = {Boston, MA, USA},
	author = {Jon Bentley},
	edition = {2nd},
	publisher = {Addison--Wesley},
	title = {{P}rogramming {P}earls},
	year = {1999}}

@book{bringhurst:2002,
	address = {Point Roberts, WA, USA},
	author = {Robert Bringhurst},
	publisher = {Hartley \& Marks Publishers},
	series = {Version 4.0: 20th Anniversary Edition},
	title = {{T}he {E}lements of {T}ypographic {S}tyle},
	year = {2013}}

@book{cormen:2001,
	address = {Cambridge, MA, USA},
	author = {Cormen, Thomas H. and Leiserson, Charles E. and Rivest, Ronald L. and Clifford Stein},
	edition = {3rd},
	publisher = {The MIT Press},
	title = {{I}ntroduction to {A}lgorithms},
	year = {2009}}

@book{dueck:trio,
	author = {Gunter Dueck},
	note = {\url{http://www.omnisophie.com}},
	publisher = {Springer, Berlin, Germany},
	title = {{D}ueck's {T}rilogie: {O}mnisophie -- {S}upramanie -- {T}opothesie},
	year = {2005}}

@article{knuth:1976,
	address = {New York, NY, USA},
	author = {Knuth, Donald E.},
	journal = {SIGACT News},
	number = {2},
	pages = {18--24},
	publisher = {ACM Press},
	title = {{B}ig {O}micron and {B}ig {O}mega and {B}ig {T}heta},
	volume = {8},
	year = {1976}}

@article{knuth:1974,
	address = {New York, NY, USA},
	author = {Knuth, Donald E.},
	journal = {Communications of the ACM},
	number = {12},
	pages = {667--673},
	publisher = {ACM Press},
	title = {{C}omputer {P}rogramming as an {A}rt},
	volume = {17},
	year = {1974}}

@book{sommerville:1992,
	address = {Boston, MA, USA},
	author = {Ian Sommerville},
	edition = {10th},
	publisher = {Addison-Wesley},
	title = {{S}oftware {E}ngineering},
	year = {2015}}

@book{taleb:2012,
	address = {New York, NY, USA},
	author = {Nassim Nicholas Taleb},
	publisher = {Random House},
	title = {{A}ntifragile: {T}hings {T}hat {G}ain from {D}isorder ({I}ncerto {B}ook 3)},
	year = {2012}}
